3974 5414
1016 367 1051 379 ..
1100 335 1227 418 24.-.
1345 287 1353 300 ’

483 531 607 598 Aeneas
620 531 703 596 enim
716 549 788 596 cum
800 529 901 612 capite
914 529 973 594 XX
989 529 1194 611 exposuisset,
1213 547 1272 612 qua
1281 530 1404 595 ratione
1417 531 1625 595 cauereturne
1635 549 1691 613 per
1703 529 1841 595 fallacias

395 649 531 716 custodis
565 649 704 713 hostibus
738 646 934 728 aperirentur
967 649 1085 726 portae,
1119 646 1184 709 brec
1206 645 1237 708 in
1261 645 1280 729 β
1305 647 1323 708 5
1349 647 1494 724 subiecti:
1525 643 1606 711 dcco
1629 644 1663 711 di
1687 647 1722 710 αἱ
1743 642 1844 712 πύλαι

394 767 578 860 chlodoici,
599 769 670 838 τοῖς
693 756 812 844 φύλαξι
834 756 987 843 σύνθημα
1003 760 1053 824 καί
1077 756 1320 843 παρασύνθημα
1345 755 1444 826 δόντα
1469 760 1518 826 tal
1534 759 1573 827 τοὶ
1597 767 1756 844 potencia
1779 765 1844 826 δια-

395 879 517 965 πέμψαι
546 880 666 944 aditum
700 879 760 942 sibi
794 895 905 959 paraus
940 877 978 940 ad
1009 877 1182 958 longiorem
1216 875 1458 958 disputationem
1493 877 1530 942 de
1565 879 1684 962 uigiliis
1719 882 1845 944 tesseris

397 999 477 1076 sim,
501 1015 579 1078 quae
613 996 752 1076 sequItur
781 993 905 1056 iodea
934 1010 998 1075 cap.
1023 992 1115 1057 XXII
1147 993 1303 1074 usquead
1328 995 1419 1074 caput
1448 993 1545 1058 XXV.
1593 993 1719 1076 Optime
1749 997 1845 1078 igilur

397 1133 474 1197 quas
498 1114 604 1177 cutam
625 1110 702 1178 XXI
718 1112 736 1174 2
755 1109 982 1174 etconuenIunt
1006 1127 1075 1173 cum
1098 1109 1142 1171 eis
1166 1125 1243 1190 quac
1266 1108 1454 1172 antecedunt
1476 1127 1542 1190 cap.
1568 1108 1628 1174 XX
1649 1113 1684 1176 et
1707 1131 1778 1176 cum
1802 1114 1844 1176 eis

395 1249 473 1316 quae
497 1229 668 1310 sequnntur
691 1225 762 1290 iude
785 1243 804 1288 a
825 1223 1040 1302 XXII‚·unde
1064 1223 1307 1289 concludendum
1325 1222 1400 1290 XXI
1426 1227 1442 1289 l
1461 1225 1565 1290 uerbis
1588 1227 1715 1292 insertIs
1733 1230 1845 1292 ποίεον-ο

396 1347 515 1411 turbari
538 1362 615 1426 quae
638 1344 720 1406 inter
744 1359 776 1405 se
800 1342 868 1404 arte
892 1340 1058 1405 cohaerent.

485 1460 551 1524 Nec
574 1461 698 1542 poterat
720 1457 853 1533 omnino,
877 1459 914 1518 ut
936 1459 1057 1520 taceam
1080 1455 1117 1520 de
1142 1455 1280 1520 obscuris
1304 1454 1367 1520 illis
1390 1455 1463 1540 περὶ
1486 1453 1635 1540 οἰομένων
1663 1455 1847 1542 ένοιμασίας

397 1596 474 1660 quae
497 1594 556 1659 quo
581 1575 723 1656 spectent
745 1591 763 1636 a
786 1571 985 1636 neminedum
1013 1570 1200 1654 explicatum
1234 1575 1291 1647 est,
1309 1572 1441 1648 Aeneas,
1465 1574 1517 1656 qui
1535 1575 1612 1638 hene
1635 1577 1847 1658 excogitatum

396 1695 436 1758 ad
460 1696 638 1774 temporum
659 1690 744 1754 uices
767 1688 908 1752 ordinem
931 1687 1086 1752 scribendi
1110 1687 1298 1770 sequeretur,
1322 1691 1489 1770 postquam
1511 1689 1574 1754 iam
1605 1691 1710 1755 hostes
1735 1691 1848 1774 oppido

396 1809 677 1892 adpropinquantes
713 1805 789 1869 lecit
820 1803 907 1888 (Cap.
931 1803 989 1867 XV
1012 1808 1045 1867 ct
1067 1821 1151 1886 seqq.
1187 1803 1226 1868 ci.
1259 1805 1354 1868 ctiam
1382 1805 1473 1869 XXII
1500 1777 1538 1870 1οΙ
1567 1805 1848 1891 προσκαθημένων

293 1961 295 1965 ·
396 1925 458 2010 ἤδη
482 1919 577 2008 typis
599 1925 664 1988 cciv
693 1917 866 2006 πολεμίων)
889 1919 990 1984 redire
1018 1918 1113 1983 adid
1141 1921 1292 2002 temporis
1314 1923 1508 1986 momentum
1536 1922 1616 2003 quod
1643 1923 1783 1988 hostium
1803 1925 1848 1988 ir·

397 2042 576 2125 ruptionem
611 2039 810 2102 antecederet
832 2038 862 2102 h.
887 2056 912 2104 e.
938 2035 978 2098 ad
1003 2053 1039 2100 ea
1068 2053 1145 2118 quae
1177 2037 1339 2100 narrantur
1362 2034 1435 2117 (lap.
1460 2036 1545 2101 VIII.
1589 2035 1681 2116 'Quod
1704 2043 1798 2120 caput
1820 2041 1848 2104 si

399 2157 570 2224 contuleris
602 2155 710 2220 statim
744 2155 804 2218 tibi
838 2152 1000 2235 adparebit
1032 2153 1129 2216 uerba
1162 2151 1227 2216 haec
1251 2151 1288 2214 de
1312 2151 1422 2233 quibus
1455 2153 1560 2235 chtnr
1594 2153 1671 2218 nihil
1696 2173 1765 2219 esse
1788 2157 1851 2221 nisi

399 2277 514 2356 caput
537 2271 634 2337 illud
658 2273 694 2334 in
718 2271 910 2352 epitomen
934 2268 1142 2346 redactum,
1168 2268 1346 2351 etquidem
1369 2268 1424 2345 ita,
1449 2270 1485 2333 ut
1500 2267 1576 2332 VIII
1600 2272 1620 2333 4
1645 2271 1677 2333 et
1700 2273 1719 2334 5
1744 2271 1851 2354 inepte

397 2393 459 2456 huc
481 2388 733 2454 transferrentur.
780 2383 868 2465 Quod
902 2387 1008 2448 utrum
1042 2402 1144 2447 errore
1180 2402 1275 2448 necne
1303 2383 1421 2448 factum
1452 2385 1494 2448 sit
1530 2384 1703 2450 discernere
1737 2388 1850 2462 nolim3

397 2509 455 2573 hoc
487 2506 610 2572 tantum
644 2504 745 2578 teneo,
781 2500 1012 2584 interpolatoris
1047 2517 1114 2564 esse
1147 2498 1218 2582 περὶ
1253 2494 1402 2582 οἰομένων
1436 2497 1620 2582 έποιμαοίας
1648 2503 1700 2582 qui
1732 2503 1851 2568 uiderit

399 2625 502 2688 cetera
524 2620 618 2686 nimis
641 2595 809 2701 petuliaria
825 2635 892 2682 esse
914 2635 1008 2699 quam
1023 2633 1101 2698 quae
1124 2617 1184 2680 huc
1199 2617 1326 2697 possent
1341 2617 1506 2698 pertinere.
1532 2614 1612 2697 Quid
1634 2636 1708 2681 uero
1726 2614 1852 2702 ἄρμενα

399 2739 454 2804 illa
477 2738 550 2813 sint,
575 2754 644 2801 cnm
668 2735 790 2800 Aeneas
814 2752 875 2798 non
899 2732 959 2796 nisi
982 2733 1065 2796 νεῶν
1088 2727 1212 2814 topace
1235 2729 1295 2797 XII
1320 2734 1339 2796 3
1363 2750 1424 2796 uno
1446 2731 1513 2797 Ioco
1549 2737 1850 2814 commemorauerit‚

400 2873 459 2938 quo
482 2872 574 2918 sensu
598 2853 693 2916 etiam
710 2870 727 2914 a
743 2847 871 2931 reliquis
896 2847 1098 2929 scriptoribus
1114 2848 1172 2912 hoc
1187 2846 1353 2912 adhibetur
1368 2847 1565 2925 uocabulum,
1589 2865 1646 2914 nec
1661 2851 1853 2932 signiticauIt

399 2969 607 3052 interpolator
627 2985 684 3030 nec
707 2965 823 3031 attinet
843 2983 1001 3047 quaerere.
1437 3034 1440 3040 ¹

489 3085 566 3168 Pag.
590 3085 632 3148 26
656 3082 801 3148 editionis
835 3081 963 3145 maioris
986 3081 1025 3144 ab
1049 3055 1207 3144 Herche'rc
1241 3079 1332 3143 index
1362 3080 1429 3146 eius
1464 3081 1588 3162 generis
1628 3082 1854 3148 emblematum

400 3201 592 3284 proponitur,
617 3199 728 3281 quibus
753 3199 880 3262 narrata
903 3196 1007 3278 alique
1030 3197 1068 3260 ab
1091 3195 1197 3260 Aenea
1219 3195 1450 3260 machinatione
1474 3195 1625 3277 expressis
1654 3199 1758 3262 uerbis
1782 3217 1853 3264 mo-

401 3318 534 3382 neantur
554 3315 689 3380 lectores
711 3317 748 3378 ut
771 3313 867 3378 simili
890 3312 1015 3376 fortuna
1032 3311 1079 3374 usi
1102 3309 1279 3391 prudentes·
1294 3313 1357 3375 sint
1379 3303 1435 3376 nec
1452 3330 1484 3374 se
1501 3313 1579 3376 item
1602 3313 1704 3394 decipi
1726 3315 1852 3394 patian-
1973 3329 1974 3336 ¹

400 3435 462 3499 tur.
506 3432 544 3497 ld
565 3450 663 3515 genus
698 3429 990 3512 interpolationibus
1026 3445 1104 3510 quae
1139 3425 1274 3507 incipere
1308 3426 1412 3492 solent
1435 3445 1453 3491 a
1476 3421 1527 3492 ord
1552 3428 1602 3492 δεῖ
1622 3429 1673 3492 uel
1696 3429 1852 3496 similibus

401 3550 460 3616 hoc
483 3547 658 3630 exemplum
680 3546 762 3628 quod
785 3544 925 3610 eiusdem
947 3544 1065 3608 farinae
1087 3543 1137 3604 est
1158 3560 1240 3606 nuuc
1261 3542 1375 3608 addam
1398 3564 1415 3607 e
1439 3544 1500 3608 XII
1522 3546 1559 3609 4.

624 3663 749 3728 Aeneas
770 3659 833 3726 XII
858 3664 888 3724 2.
1324 3660 1531 3742 interpolator
1552 3661 1614 3725 XII
1638 3663 1667 3725 4.

403 3778 451 3846 del
483 3777 517 3845 δέ
546 3774 606 3863 χρὴ
641 3772 851 3859 ὑπερέχειν
884 3772 1028 3858 πλήθει
1062 3772 1116 3838 καί
1143 3763 1323 3858 δείοῦνμὴ
1339 3798 1415 3840 πονε
1438 3775 1481 3851 εἰς
1500 3772 1596 3840 πόλιν
1612 3777 1735 3842 οἰκείαν
1757 3779 1853 3859 μείζω

402 3891 538 3979 δυνάμει
560 3891 655 3968 τοὺς
679 3889 953 3976 ἐπαγομένους
984 3892 1114 3965 πολίτας
1142 3885 1459 3972 δύναμονέπαπνίον
1474 3891 1619 3974 (Casaub.
1643 3913 1697 3976 pro
1722 3889 1772 3958 ἐπ’
1792 3889 1852 3958 αὐ-

402 4016 467 4078 τῶν
506 4008 619 4090 ξένων·
662 4011 688 4075 εί
722 4007 757 4074 di
791 4006 848 4093 μὴ,
886 4003 945 4073 ἐπ’
983 4005 1115 4080 ἐκείνοις
1141 4003 1209 4090 ado)
1224 4003 1374 4089 δέχεσθαι
1393 4009 1448 4088 τῆς
1459 4001 1747 4092 ὑπαμχούσηςτοῖς
1759 4011 1852 4074 πολί-

403 4129 611 4213 γίγνονται
634 4121 728 4192 αὐτοί
748 4149 781 4191 re
804 4125 855 4190 ucri
879 4119 899 4209 ἡ
923 4119 1024 4198 πόλις.
1141 4144 1219 4197 παις·
1234 4119 1335 4199 ξένοις
1348 4119 1381 4187 δέ
1393 4120 1560 4206 χρωμένην
1571 4123 1686 4209 (Turic.
1700 4145 1754 4208 pro
1767 4123 1851 4210 χροί-

464 4237 465 4241 ’
1142 4237 1252 4322 μενον)
1278 4233 1381 4304 νίείδεῖ
1395 4235 1456 4322 τὴν
1473 4237 1568 4304 πόλιν
1591 4244 1716 4329 πολλῷ
1739 4235 1853 4324 ὑπερ-

1142 4352 1240 4438 έχειν
1261 4358 1317 4439 τῆς
1332 4357 1397 4420 τῶν
1416 4351 1515 4432 ξένων
1535 4352 1710 4438 δυνάμεως·
1735 4351 1854 4440 οὐγὰρ

1141 4466 1283 4553 ἀσφαλές
1326 4471 1588 4555 ξενοπρανεῖσθαι
1621 4471 1676 4538 καὶ
1719 4471 1767 4537 ἐπὶ
1803 4496 1853 4557 μι-

1141 4583 1322 4672 σθοφόροις
1344 4587 1521 4671 γίγνεσθαι.
