3974 5414
788 328 846 386 ’-
893 339 933 404 21
982 373 1023 382 -—

1278 441 1310 502 Χ

186 533 248 598 δᾶν
271 533 488 614 interpolatori
510 533 691 602 attribuere.
717 553 785 598 oum
802 535 910 598 statim
928 535 1075 617 sequatur
1097 529 1141 618 μὴ
1167 531 1292 619 ἔχοντες
1315 531 1378 620 ὅπῃ
1400 534 1637 618 καταβαίνωσιν

184 669 245 716 uno
268 651 363 714 uerbo
388 650 543 716 monuisse
572 652 621 714 sat
649 650 717 714 erit.
764 650 905 715 Eundem
936 650 1045 714 deinde
1074 670 1241 734 agnoscere
1272 651 1528 733 interpolatorem
1560 651 1636 714 mihi

186 765 304 842 uideor,
333 766 382 830 oni
404 766 546 846 inprimis
581 765 734 846 placuerit
762 767 918 830 rhetorica
953 767 1069 832 locutio
1104 772 1220 832 λαθεῖν
1255 766 1306 832 καὶ
1342 762 1485 850 φθάσαι,
1521 785 1636 830 anero

186 882 294 946 Aenea
316 881 464 962 usurpata
486 881 579 946 XXII
604 883 633 956 6,
658 880 807 946 XXXVII
832 884 862 946 6.
888 907 925 926 »-
952 883 987 946 In
1011 883 1305 965 Interpolationibus
1320 887 1426 948 autem
1451 881 1638 964 deprehendi

186 1017 256 1060 eam
279 997 355 1062 locis
379 997 428 1062 his
452 997 526 1062 XVI
551 999 603 1074 ll,
627 996 735 1062 XVIII
761 999 811 1073 19,
834 997 941 1062 XXIII
966 1001 1017 1073 ll,
1041 999 1174 1063 XXVIII
1197 1002 1227 1078 5,
1252 999 1310 1062 hoo
1334 999 1466 1082 denique
1488 999 1567 1064 loeo.

275 1114 340 1176 lam
369 1113 478 1178 relicto
512 1111 621 1195 Capite
644 1113 700 1178 XL
737 1114 827 1178 nobis
861 1114 1052 1178 redeundum
1084 1115 1132 1180 est
1155 1115 1195 1179 ad
1218 1135 1287 1178 eum
1324 1116 1436 1193 locum,
1471 1115 1553 1179 unde
1576 1113 1639 1178 orsi

187 1247 302 1293 sumus.
328 1227 420 1293 XXII
445 1231 485 1292 19
510 1230 647 1293 extrema
671 1231 767 1293 uerba
796 1226 936 1309 πρίποι
966 1225 996 1294 δ’
1022 1225 1067 1294 δν
1097 1226 1138 1293 τὸ
1174 1225 1488 1313 παρασκεύασμα
1520 1231 1638 1294 τοῦτο

186 1339 361 1426 aspi-nois
396 1339 612 1428 ἀναβάσεις
650 1343 709 1409 καὶ
750 1341 789 1409 ἐν
826 1341 1021 1428 τυράννου
1057 1341 1264 1427 ἀκροπόλει
1304 1345 1404 1410 aliena
1438 1364 1504 1410 esse
1528 1363 1639 1409 censeo

187 1465 219 1524 et
242 1461 280 1524 ab
304 1463 361 1526 hoo
384 1461 452 1525 loco
477 1462 509 1525 et
533 1462 570 1524 ab
588 1463 704 1539 Aenea,
729 1464 782 1545 quii
805 1481 962 1545 nunquam
986 1465 1039 1526 aut
1057 1463 1136 1526 arcis
1153 1464 1207 1526 aut
1223 1465 1424 1546 tyrannorum
1449 1463 1639 1526 mentionem

186 1579 217 1641 in
240 1575 445 1642 Poliorcetioo
469 1577 592 1643 feeerit:
606 1578 645 1645 ab
659 1575 767 1642 eodem
792 1571 866 1643 haee*
881 1579 1004 1660 quidem
1021 1577 1170 1660 profecta,
1196 1578 1249 1662 qui
1265 1578 1423 1643 Herchero
1452 1579 1554 1642 iudice
1571 1577 1639 1660 Ipso

186 1691 290 1758 XXIX
314 1693 330 1757 l
356 1694 414 1758 hoe
442 1693 662 1758 addidamento
697 1694 821 1758 Aeneae
852 1693 1022 1758 oratIonem
1050 1693 1214 1758 ditauerit:
1240 1691 1274 1757 ἐν
1303 1687 1351 1769 οἶς
1385 1732 1423 1741 -
1458 1690 1519 1778 ἤδη
1549 1689 1642 1770 πόλις

186 1808 249 1874 καὶ
272 1804 291 1892 ἡ
317 1803 537 1892 α’κρόπολις
572 1804 776 1894 κατελήφθη,
812 1787 926 1894 suique
958 1805 1166 1891 τυράννων
1197 1828 1303 1874 uooem
1328 1809 1357 1874 X
1383 1812 1419 1873 11
1450 1811 1641 1875 interiecerit

186 1921 312 1990 πόλεων
334 1920 356 2009 ἢ
380 1921 603 2006 στρατοπέδων
626 1926 741 1994 uerbis,

274 2041 380 2107 XXVI
404 2042 511 2106 7-10
528 2043 706 2126 praecipitur
730 2042 883 2125 quomodo
900 2042 1035 2107 habendi
1058 2043 1122 2108 sint
1142 2042 1260 2106 milites
1285 2061 1413 2125 quorum
1438 2043 1534 2106 11111111
1550 2043 1643 2108 fracti

192 2158 256 2223 sint
279 2157 456 2222 calamitate
489 2159 625 2241 accepta.
672 2157 878 2240 Frequentius
902 2160 935 2223 et
957 2157 1107 2223 intentius
1139 2159 1232 2222 etiam
1261 2177 1328 2223 esse
1363 2159 1488 2242 uigilias
1511 2159 1643 2223 circum-

193 2273 309 2338 eundae
332 2293 388 2338 nec
411 2275 518 2339 tamen
542 2275 738 2340 circitoribus
761 2275 887 2357 grauius
911 2274 1112 2340 statuendum
1129 2274 1165 2337 de
1188 2274 1345 2358 uigilibus,
1371 2294 1445 2357 quos
1469 2293 1576 2339 somno
1592 2275 1643 2340 nel

191 2388 373 2454 lassItudine
386 2388 543 2453 confectos
559 2388 830 2472 deprehenderint.
866 2390 1042 2454 Periculum
1064 2392 1145 2454 eninr
1165 2409 1232 2453 esse
1254 2408 1292 2454 ne
1318 2392 1345 2454 si
1368 2391 1509 2454 acerbius
1533 2392 1644 2474 agatur

191 2505 310 2570 mllites
334 2505 454 2569 animos
478 2505 569 2587 plane
598 2505 809 2587 despondeant
832 2507 850 2590 §
876 2507 904 2570 8.
954 2506 1012 2569 Vbi
1040 2505 1197 2570 adsentiar
1230 2506 1373 2590 equidem
1403 2507 1562 2571 Herohero
1593 2508 1645 2590 qui

190 2639 246 2704 pro
270 2612 469 2703 interpolatis
492 2622 588 2685 habet
611 2621 707 2686 uerba
730 2617 814 2697 εἰκός
837 2619 871 2686 δὲ
896 2618 974 2686 όταν
998 2615 1118 2707 εὑρεθῇ
1152 2616 1286 2705 αἰσχρόν
1310 2646 1339 2685 τι
1361 2625 1465 2686 ποιῶν
1495 2617 1644 2706 ἀθυμεῖν.

190 2738 440 2820 Iamsequuntur
462 2738 480 2821 ἐ
500 2739 519 2801 9
536 2738 634 2803 haece:
659 2736 724 2800 aul
749 2734 844 2812 τούς
866 2733 1080 2818 περιόδους
1103 2735 1142 2801 tv
1164 2744 1252 2814 τοῖς
1275 2733 1646 2817 τοιούτοιςκαιροῖς

191 2852 232 2918 ἐκ
265 2853 455 2928 πλείονος
492 2855 642 2936 χωρίου
677 2849 933 2937 καταδήλους
968 2849 1074 2918 εἶναι
1112 2848 1350 2937 προσιόντας
1383 2859 1468 2929 τοῖς
1496 2850 1644 2936 φύλαξι

194 2965 438 3055 φωνοῦντόις
461 2991 495 3032 τι
518 2961 740 3050 πόρρωθεν,
776 2965 877 3044 ὅπως
907 2965 952 3034 δν
976 2967 1128 3053 ἐγερθῇ
1159 2965 1230 3034 ἐὰν
1253 2965 1429 3054 καθεύδῃ
1453 2963 1471 3034 ό
1495 2963 1645 3053 προφύ-

193 3085 349 3166 λαξ,κο“ι
371 3079 724 3168 mododerationem
748 3081 1048 3168 ἀποκρίνασθαι
1072 3081 1113 3149 τό
1138 3081 1399 3167 ἐρωτώμενον.
1420 3086 1490 3151 *At
1510 3105 1568 3169 ego
1584 3103 1644 3150 non

194 3202 329 3268 adducor
351 3203 417 3266 tam
440 3201 571 3266 ridicula
603 3202 764 3283 scripsisse
788 3204 938 3278 Aeneam,
962 3204 998 3266 ut
1021 3204 1144 3266 inheret
1166 3202 1277 3266 altiore
1300 3219 1375 3266 uoce
1407 3203 1453 3268 uti
1488 3201 1645 3266 oireitores

193 3338 230 3384 ex
252 3318 421 3402 longinquo
446 3317 625 3396 clamantes,
661 3335 721 3399 quo
745 3318 937 3384 commodius
970 3337 1077 3382 somno
1113 3336 1167 3382 suo
1203 3318 1330 3382 excitati
1362 3318 1475 3399 olgiles
1507 3319 1643 3381 animum

146 3473 149 3480 ·
192 3452 377 3516 componere
401 3435 526 3515 possent
548 3433 586 3498 ad
613 3434 871 3514 respondendum.
918 3432 1036 3514 Quodsi
1064 3438 1128 3499 tam
1163 3433 1302 3498 molliter
1326 3436 1358 3498 et
1382 3433 1513 3498 delicate
1536 3433 1644 3498 haberi

191 3549 293 3616 noluit
316 3549 439 3633 uigiles,
465 3549 572 3631 quidni
595 3550 730 3628 iusserit,
755 3551 837 3632 quod
860 3570 934 3616 sane
958 3552 1130 3632 simplicius
1155 3551 1231 3627 erat,
1259 3550 1358 3613 lectos
1382 3552 1415 3614 et
1437 3550 1577 3633 stragula
1599 3551 1646 3613 eis

192 3666 311 3732 sterni?
326 3665 436 3748 Itaque
448 3667 615 3743 rhetorem,
630 3685 691 3731 uon
704 3667 834 3732 militem
846 3667 910 3732 haec
928 3667 1117 3750 excogitasse
1130 3683 1258 3730 'oensem
1276 3666 1335 3729 nisi
1348 3667 1417 3747 quis
1427 3666 1528 3730 uoluit
1538 3663 1642 3731 iocari.

281 3783 425 3848 Breuiter
450 3781 581 3863 denique
605 3781 792 3846 mouendum
816 3783 853 3848 de
877 3783 926 3848 his
950 3783 1116 3864 exemplis:

279 3897 326 3964 III
350 3900 370 3962 3
394 3891 583 3980 ὁμοτρόπως
609 3895 644 3964 δὲ
670 3897 724 3962 καί
748 3899 910 3982 φρουρίου
932 3891 998 3962 ὑπό
1022 3893 1198 3981 συμμάχων
1222 3896 1475 3982 φρουρουμένου
1496 3894 1593 3980 μέρος
1615 3921 1645 3978 v

191 4017 250 4079 τοῦ
272 4014 396 4098 τείχους
418 4016 483 4078 τῶν
506 4010 683 4097 συμμάχων
706 4008 852 4090 ἑκάστοις
886 4009 1097 4082 όποδιδόσθω
1114 4011 1296 4096 φυλάττειν.
1344 4014 1429 4096 Quae
1452 4016 1556 4098 Inepte
1573 4017 1646 4080 sunt

192 4131 295 4194 efficta
318 4129 359 4194 ad
387 4131 544 4211 exemplar
568 4132 585 4213 ἓ
612 4132 640 4204 1,
665 4131 773 4196 11111111
798 4131 885 4207 urbe,
920 4149 999 4212 qnae
1034 4150 1070 4196 er
1104 4131 1273 4212 improuiso
1306 4133 1342 4194 nt
1373 4149 1434 4196 non
1468 4133 1573 4212 posset
1606 4131 1645 4194 111

191 4265 227 4311 11
251 4246 389 4312 defensio
404 4246 507 4329 parari
523 4246 561 4312 ab
578 4246 720 4311 hostibus
736 4248 975 4330 oppugnaretur,
1001 4246 1170 4310 secundum
1185 4246 1286 4312 trihus
1302 4246 1423 4312 ciuibus
1439 4266 1562 4311 murum
1578 4266 1645 4311 esso

192 4363 391 4444 partiendum
417 4362 541 4430 dixerat
563 4361 695 4428 Aeneas.
742 4363 810 4427 Neo
833 4362 916 4426 euim
945 4363 1082 4445 prolecto
1106 4363 1137 4426 111
1161 4362 1218 4426 1111
1233 4391 1236 4398 ’
1250 4363 1391 4444 tempore
1424 4364 1569 4444 poterunt
1593 4383 1645 4426 ex-

191 4479 343 4544 trinsecus
367 4478 461 4544 socii
484 4478 629 4544 accersiri
652 4497 708 4544 neo
731 4478 918 4560 perspIoitur
946 4479 1005 4543 hoe
1033 4479 1102 4542 loco
1130 4478 1205 4560 qnid
1236 4475 1440 4561 φρούριον
1470 4481 1512 4544 sit
1534 4482 1646 4562 praeter

192 4613 307 4675 muros,
330 4613 388 4660 neo
412 4595 537 4660 omnino
559 4613 690 4676 usquam
714 4595 773 4660 hae
796 4611 871 4659 uoce
887 4613 960 4660 usus
977 4597 1025 4660 est
1048 4594 1181 4660 Aeneas.
